@misc{PEER},
   number = {20190801},
   url = {https://ngawest2.berkeley.edu/},
   type = {Web Page}
}

@misc{   url = {https://research.googleblog.com/2015/07/deepdream-code-example-for-visualizing.html},
   year = {2015},
   type = {Computer Program}
}

@misc{   url = {https://www.mathworks.com/products/matlab/whatsnew.html},
   year = {2017},
   type = {Computer Program}
}

@misc{   url = {https://www.mathworks.com/products/neural-network.html},
   year = {2017},
   type = {Computer Program}
}

@article{Adler2017,
   author = {Adler, Jonas and Öktem, Ozan},
   title = {Solving ill-posed inverse problems using iterative deep neural networks},
   journal = {Inverse Probl},
   volume = {33},
   number = {12},
   pages = {124007},
   ISSN = {0266-5611},
   DOI = {10.1088/1361-6420/aa9581},
   url = {http://dx.doi.org/10.1088/1361-6420/aa9581},
   year = {2017},
   type = {Journal Article}
}

@article{Argyriou2008,
   author = {Argyriou, Andreas and Evgeniou, Theodoros and Pontil, Massimiliano},
   title = {Convex multi-task feature learning},
   journal = {Machine Learning},
   volume = {73},
   number = {3},
   pages = {243-272},
   ISSN = {0885-6125},
   year = {2008},
   type = {Journal Article}
}

@article{Atha2017,
   author = {Atha, Deegan J and Jahanshahi, Mohammad R},
   title = {Evaluation of deep learning approaches based on convolutional neural networks for corrosion detection},
   journal = {Struct. Health Monit.},
   pages = {1475921717737051},
   ISSN = {1475-9217},
   year = {2017},
   type = {Journal Article}
}

@article{Bao2011,
   author = {Bao, Yuequan and Beck, James L and Li, Hui},
   title = {Compressive sampling for accelerometer signals in structural health monitoring},
   journal = {Structural Health Monitoring},
   volume = {10},
   number = {3},
   pages = {235-246},
   ISSN = {1475-9217},
   year = {2011},
   type = {Journal Article}
}

@article{Bao2019,
   author = {Bao, Yuequan and Chen, Zhicheng and Wei, Shiyin and Xu, Yang and Tang, Zhiyi and Li, Hui},
   title = {The state of the art of data science and engineering in structural health monitoring},
   journal = {Engineering},
   volume = {5},
   number = {2},
   pages = {234-242},
   ISSN = {2095-8099},
   year = {2019},
   type = {Journal Article}
}

@article{Bao2016,
   author = {Bao, Yuequan and Li, Hui and Chen, Zhicheng and Zhang, Fujian and Guo, Anxin},
   title = {Sparse l 1 optimization‐based identification approach for the distribution of moving heavy vehicle loads on cable‐stayed bridges},
   journal = {Struct Control Hlth},
   volume = {23},
   number = {1},
   pages = {144-155},
   ISSN = {1545-2255},
   year = {2016},
   type = {Journal Article}
}

@article{Bao2013,
   author = {Bao, Yuequan and Li, Hui and Sun, Xiaodan and Yu, Yan and Ou, Jinping},
   title = {Compressive sampling–based data loss recovery for wireless sensor networks used in civil structural health monitoring},
   journal = {Struct Health Monit},
   volume = {12},
   number = {1},
   pages = {78-95},
   ISSN = {1475-9217},
   year = {2013},
   type = {Journal Article}
}

@article{Bao2017,
   author = {Bao, Yuequan and Shi, Zuoqiang and Wang, Xiaoyu and Li, Hui},
   title = {Compressive sensing of wireless sensors based on group sparse optimization for structural health monitoring},
   journal = {Struct Health Monit},
   pages = {1475921717721457},
   ISSN = {1475-9217},
   year = {2017},
   type = {Journal Article}
}

@article{Bao2019_1,
   author = {Bao, Yuequan and Tang, Zhiyi and Li, Hui},
   title = {Compressive-sensing data reconstruction for structural health monitoring: a machine-learning approach},
   journal = {Structural Health Monitoring},
   pages = {1475921719844039},
   ISSN = {1475-9217},
   year = {2019},
   type = {Journal Article}
}

@article{Bao2018,
   author = {Bao, Yuequan and Tang, Zhiyi and Li, Hui and Zhang, Yufeng},
   title = {Computer vision and deep learning–based data anomaly detection method for structural health monitoring},
   journal = {Structural Health Monitoring},
   pages = {1475921718757405},
   ISSN = {1475-9217},
   year = {2018},
   type = {Journal Article}
}

@book{Barnett1974,
   author = {Barnett, Vic and Lewis, Toby},
   title = {Outliers in statistical data},
   publisher = {John Wiley & Sons},
   address = {New Jersey},
   ISBN = {0471930946},
   year = {1974},
   type = {Book}
}

@article{Beck2009,
   author = {Beck, Amir and Teboulle, Marc},
   title = {A fast iterative shrinkage-thresholding algorithm for linear inverse problems},
   journal = {SIAM J Imaging Sci},
   volume = {2},
   number = {1},
   pages = {183-202},
   ISSN = {1936-4954},
   year = {2009},
   type = {Journal Article}
}

@article{Becker2011,
   author = {Becker, Stephen and Bobin, Jérôme and Candès, Emmanuel J},
   title = {NESTA: A fast and accurate first-order method for sparse recovery},
   journal = {SIAM J Imaging Sci},
   volume = {4},
   number = {1},
   pages = {1-39},
   ISSN = {1936-4954},
   year = {2011},
   type = {Journal Article}
}

@article{Bengio2007,
   author = {Bengio, Yoshua and Lamblin, Pascal and Popovici, Dan and Larochelle, Hugo},
   title = {Greedy layer-wise training of deep networks},
   journal = {Adv Neur In},
   volume = {19},
   number = {2007},
   pages = {153-160},
   ISSN = {1049-5258},
   year = {2007},
   type = {Journal Article}
}

@inproceedings{Bennett2007,
   author = {Bennett, James and Lanning, Stan},
   title = {The Netflix prize},
   booktitle = {Proceedings of KDD cup and workshop},
   publisher = {New York, NY, USA.},
   volume = {2007},
   pages = {35},
   type = {Conference Proceedings}
}

@article{Bruna2015,
   author = {Bruna, Joan and Sprechmann, Pablo and LeCun, Yann},
   title = {Super-resolution with deep convolutional sufficient statistics},
   journal = {arXiv preprint arXiv:.05666},
   year = {2015},
   type = {Journal Article}
}

@article{Bruno1997,
   author = {Bruno, Domenico and Leonardi, Angelo},
   title = {Natural periods of long-span cable-stayed bridges},
   journal = {Journal of Bridge Engineering},
   volume = {2},
   number = {3},
   pages = {105-115},
   ISSN = {1084-0702},
   year = {1997},
   type = {Journal Article}
}

@article{Cabboi2017,
   author = {Cabboi, Alessandro and Magalhães, Filipe and Gentile, Carmelo and Cunha, Álvaro},
   title = {Automated modal identification and tracking: Application to an iron arch bridge},
   journal = {Structural Control and Health Monitoring},
   volume = {24},
   number = {1},
   pages = {e1854},
   ISSN = {1545-2255},
   year = {2017},
   type = {Journal Article}
}

@article{Caione2014,
   author = {Caione, Carlo and Brunelli, Davide and Benini, Luca},
   title = {Compressive sensing optimization for signal ensembles in WSNs},
   journal = {IEEE T Ind Inform},
   volume = {10},
   number = {1},
   pages = {382-392},
   ISSN = {1551-3203},
   year = {2014},
   type = {Journal Article}
}

@article{Calabrese2012,
   author = {Calabrese, L and Campanella, G and Proverbio, E},
   title = {Noise removal by cluster analysis after long time AE corrosion monitoring of steel reinforcement in concrete},
   journal = {Constr Build Mater},
   volume = {34},
   pages = {362-371},
   ISSN = {0950-0618},
   year = {2012},
   type = {Journal Article}
}

@article{Camara2014,
   author = {Camara, Alfredo and Astiz, MA and Ye, AJ},
   title = {Fundamental mode estimation for modern cable-stayed bridges considering the tower flexibility},
   journal = {Journal of Bridge Engineering},
   volume = {19},
   number = {6},
   pages = {04014015},
   ISSN = {1084-0702},
   year = {2014},
   type = {Journal Article}
}

@inproceedings{Candes2006,
   author = {Candès, Emmanuel J},
   title = {Compressive sampling},
   booktitle = {Proceedings of the international congress of mathematicians},
   publisher = {Madrid, Spain},
   volume = {3},
   pages = {1433-1452},
   type = {Conference Proceedings}
}

@article{Cha2017,
   author = {Cha, Young Jin and Choi, Wooram and Büyüköztürk, Oral},
   title = {Deep Learning‐Based Crack Damage Detection Using Convolutional Neural Networks},
   journal = {Comput.-Aided Civ. Inf.},
   volume = {32},
   number = {5},
   pages = {361-378},
   ISSN = {1467-8667},
   year = {2017},
   type = {Journal Article}
}

@article{Cha2017_1,
   author = {Cha, Young Jin and Choi, Wooram and Suh, Gahyun and Mahmoudkhani, Sadegh and Büyüköztürk, Oral},
   title = {Autonomous Structural Visual Inspection Using Region‐Based Deep Learning for Detecting Multiple Damage Types},
   journal = {Comput.-Aided Civ. Inf.},
   volume = {0},
   number = {0},
   ISSN = {1467-8667},
   DOI = {doi:10.1111/mice.12334},
   year = {2017},
   type = {Journal Article}
}

@inproceedings{Chang2017,
   author = {Chang, Jen-Hao Rick and Li, Chun-Liang and Poczos, Barnabas and Kumar, BVK Vijaya and Sankaranarayanan, Aswin C},
   title = {One Network to Solve Them All-Solving Linear Inverse Problems using Deep Projection Models},
   booktitle = {ICCV},
   pages = {5889-5898},
   type = {Conference Proceedings}
}

@article{Chang2003,
   author = {Chang, Peter C and Flatau, Alison and Liu, SC},
   title = {Health monitoring of civil infrastructure},
   journal = {Struct Health Monit},
   volume = {2},
   number = {3},
   pages = {257-267},
   ISSN = {1475-9217},
   year = {2003},
   type = {Journal Article}
}

@inproceedings{Chen2015,
   author = {Chen, Chenyi and Seff, Ari and Kornhauser, Alain and Xiao, Jianxiong},
   title = {Deepdriving: Learning affordance for direct perception in autonomous driving},
   booktitle = {Computer Vision (ICCV), 2015 IEEE International Conference on},
   publisher = {IEEE},
   pages = {2722-2730},
   ISBN = {1467383910},
   type = {Conference Proceedings}
}

@article{Chen2017,
   author = {Chen, Fu-Chen and Jahanshahi, Mohammad R},
   title = {NB-CNN: Deep learning-based crack detection using convolutional neural network and Naïve Bayes data fusion},
   journal = {IEEE Transactions on Industrial Electronics},
   volume = {65},
   number = {5},
   pages = {4392-4400},
   ISSN = {0278-0046},
   year = {2017},
   type = {Journal Article}
}

@article{Chen2004,
   author = {Chen, SR and Cai, CS},
   title = {Accident assessment of vehicles on long-span bridges in windy environments},
   journal = {Journal of Wind Engineering and Industrial Aerodynamics},
   volume = {92},
   number = {12},
   pages = {991-1024},
   ISSN = {0167-6105},
   year = {2004},
   type = {Journal Article}
}

@article{Chen2001,
   author = {Chen, Scott Shaobing and Donoho, David L and Saunders, Michael A},
   title = {Atomic decomposition by basis pursuit},
   journal = {SIAM Rev},
   volume = {43},
   number = {1},
   pages = {129-159},
   ISSN = {0036-1445},
   year = {2001},
   type = {Journal Article}
}

@article{Chen2018,
   author = {Chen, Zhicheng and Li, Hui and Bao, Yuequan},
   title = {Analyzing and modeling inter-sensor relationships for strain monitoring data and missing data imputation: a copula and functional data-analytic approach},
   journal = {Structural Health Monitoring},
   volume = {18},
   number = {4},
   pages = {1168-1188},
   ISSN = {1475-9217
1741-3168},
   DOI = {10.1177/1475921718788703},
   year = {2018},
   type = {Journal Article}
}

@inproceedings{Cheng2016,
   author = {Cheng, Heng Tze and Koc, Levent and Harmsen, Jeremiah and Shaked, Tal and Chandra, Tushar and Aradhye, Hrishi and Anderson, Glen and Corrado, Greg and Chai, Wei and Ispir, Mustafa},
   title = {Wide & deep learning for recommender systems},
   booktitle = {Proceedings of the 1st Workshop on Deep Learning for Recommender Systems},
   publisher = {ACM},
   pages = {7-10},
   ISBN = {1450347959},
   type = {Conference Proceedings}
}

@article{Chi2018,
   author = {Chi, Yuejie},
   title = {Low-Rank Matrix Completion [Lecture Notes]},
   journal = {IEEE Signal Processing Magazine},
   volume = {35},
   number = {5},
   pages = {178-181},
   ISSN = {1053-5888
1558-0792},
   DOI = {10.1109/msp.2018.2832197},
   year = {2018},
   type = {Journal Article}
}

@article{Chiou2008,
   author = {Chiou, Brian and Darragh, Robert and Gregor, Nick and Silva, Walter},
   title = {NGA project strong-motion database},
   journal = {Earthquake Spectra},
   volume = {24},
   number = {1},
   pages = {23-44},
   ISSN = {8755-2930},
   year = {2008},
   type = {Journal Article}
}

@article{Comerford2017,
   author = {Comerford, L. and Jensen, H. A. and Mayorga, F. and Beer, M. and Kougioumtzoglou, I. A.},
   title = {Compressive sensing with an adaptive wavelet basis for structural system response and reliability analysis under missing data},
   journal = {Computers & Structures},
   volume = {182},
   pages = {26-40},
   ISSN = {00457949},
   DOI = {10.1016/j.compstruc.2016.11.012},
   year = {2017},
   type = {Journal Article}
}

@inproceedings{Dalvi2016,
   author = {Dalvi, Aditi and Norouzi, Mehdi and Hunt, Victor and Helmicki, Arthur},
   title = {Structural health monitoring system of Ironton-Russell bridge during substructure construction},
   booktitle = {Proceedings of the smart structures and materials+nondestructive evaluation and health monitoring},
   address = {Bellingham, WA},
   publisher = {SPIE},
   type = {Conference Proceedings}
}

@article{Deng2018,
   author = {Deng, Li},
   title = {Artificial Intelligence in the Rising Wave of Deep Learning: The Historical Path and Future Outlook [Perspectives]},
   journal = {IEEE Signal Proc. Mag.},
   volume = {35},
   number = {1},
   pages = {180-177},
   ISSN = {1053-5888},
   year = {2018},
   type = {Journal Article}
}

@article{Ding2018,
   author = {Ding, Lieyun and Fang, Weili and Luo, Hanbin and Love, Peter ED and Zhong, Botao and Ouyang, Xi},
   title = {A deep hybrid learning model to detect unsafe behavior: Integrating convolution neural networks and long short-term memory},
   journal = {Automat. Constr.},
   volume = {86},
   pages = {118-124},
   ISSN = {0926-5805},
   year = {2018},
   type = {Journal Article}
}

@article{Din2018,
   author = {Din-Houn Lau, F and Butler, Liam J and Adams, Niall M and Elshafie, Mohammed ZEB and Girolami, Mark A},
   title = {Real-time statistical modelling of data generated from self-sensing bridges},
   journal = {Proceedings of the Institution of Civil Engineers-Smart Infrastructure and Construction},
   volume = {171},
   number = {1},
   pages = {3-13},
   ISSN = {2397-8759},
   year = {2018},
   type = {Journal Article}
}

@article{Donoho2006,
   author = {Donoho, David L},
   title = {Compressed sensing},
   journal = {IEEE T Inform Theory},
   volume = {52},
   number = {4},
   pages = {1289-1306},
   ISSN = {0018-9448},
   year = {2006},
   type = {Journal Article}
}

@article{Duarte2008,
   author = {Duarte, Marco F and Davenport, Mark A and Takhar, Dharmpal and Laska, Jason N and Sun, Ting and Kelly, Kevin F and Baraniuk, Richard G},
   title = {Single-pixel imaging via compressive sampling},
   journal = {IEEE Signal Proc Mag},
   volume = {25},
   number = {2},
   pages = {83-91},
   ISSN = {1053-5888},
   year = {2008},
   type = {Journal Article}
}

@article{Fadili2009,
   author = {Fadili, Mohamed-Jalal and Starck, J-L and Murtagh, Fionn},
   title = {Inpainting and zooming using sparse representations},
   journal = {The Computer Journal},
   volume = {52},
   number = {1},
   pages = {64-79},
   ISSN = {0010-4620},
   year = {2009},
   type = {Journal Article}
}

@article{Fan2019,
   author = {Fan, Gao and Li, Jun and Hao, Hong},
   title = {Lost data recovery for structural health monitoring based on convolutional neural networks},
   journal = {Structural Control and Health Monitoring},
   volume = {26},
   number = {10},
   ISSN = {1545-2255
1545-2263},
   DOI = {10.1002/stc.2433},
   year = {2019},
   type = {Journal Article}
}

@article{Fang2018,
   author = {Fang, Qi and Li, Heng and Luo, Xiaochun and Ding, Lieyun and Luo, Hanbin and Rose, Timothy M and An, Wangpeng},
   title = {Detecting non-hardhat-use by a deep learning method from far-field surveillance videos},
   journal = {Automat. Constr.},
   volume = {85},
   pages = {1-9},
   ISSN = {0926-5805},
   year = {2018},
   type = {Journal Article}
}

@article{Fawcett2006,
   author = {Fawcett, Tom},
   title = {An introduction to ROC analysis},
   journal = {Pattern Recogn. Lett.},
   volume = {27},
   number = {8},
   pages = {861-874},
   ISSN = {0167-8655},
   year = {2006},
   type = {Journal Article}
}

@article{Feng2007,
   author = {Feng, Zhigang and Wang, Qi and Shida, Katsunori},
   title = {A review of self‐validating sensor technology},
   journal = {Sensor Review},
   volume = {27},
   number = {Issue 1},
   pages = {48-56},
   ISSN = {0260-2288},
   DOI = {10.1108/02602280710723488},
   url = {http://dx.doi.org/10.1108/02602280710723488},
   year = {2007},
   type = {Journal Article}
}

@article{Figueiredo2007,
   author = {Figueiredo, Mário AT and Nowak, Robert D and Wright, Stephen J},
   title = {Gradient projection for sparse reconstruction: Application to compressed sensing and other inverse problems},
   journal = {IEEE J-STSP},
   volume = {1},
   number = {4},
   pages = {586-597},
   ISSN = {1932-4553},
   year = {2007},
   type = {Journal Article}
}

@article{Fleming1980,
   author = {Fleming, John F and Egeseli, Engin A},
   title = {Dynamic behaviour of a cable‐stayed bridge},
   journal = {Earthquake Engineering & Structural Dynamics},
   volume = {8},
   number = {1},
   pages = {1-16},
   ISSN = {0098-8847},
   year = {1980},
   type = {Journal Article}
}

@article{Fornasier2008,
   author = {Fornasier, Massimo and Rauhut, Holger},
   title = {Recovery algorithms for vector-valued data with joint sparsity constraints},
   journal = {SIAM J Numer Anal},
   volume = {46},
   number = {2},
   pages = {577-613},
   ISSN = {0036-1429},
   year = {2008},
   type = {Journal Article}
}

@article{Fujino2002,
   author = {Fujino, Yozo},
   title = {Vibration, control and monitoring of long-span bridges—recent research, developments and practice in Japan},
   journal = {Journal of Constructional Steel Research},
   volume = {58},
   number = {1},
   pages = {71-97},
   ISSN = {0143-974X},
   year = {2002},
   type = {Journal Article}
}

@book{Gimsing2011,
   author = {Gimsing, Niels J and Georgakis, Christos T},
   title = {Cable supported bridges: concept and design},
   publisher = {John Wiley & Sons},
   ISBN = {1119951879},
   year = {2011},
   type = {Book}
}

@article{Goebel2008,
   author = {Goebel, Kai and Yan, Weizhong},
   title = {Correcting sensor drift and intermittency faults with data fusion and automated learning},
   journal = {IEEE systems journal},
   volume = {2},
   number = {2},
   pages = {189-197},
   ISSN = {1932-8184},
   year = {2008},
   type = {Journal Article}
}

@article{Goldstein2009,
   author = {Goldstein, Tom and Osher, Stanley},
   title = {The split Bregman method for L1-regularized problems},
   journal = {SIAM J Imaging Sci},
   volume = {2},
   number = {2},
   pages = {323-343},
   ISSN = {1936-4954},
   year = {2009},
   type = {Journal Article}
}

@article{Gu2017,
   author = {Gu, Jianfeng and Gul, Mustafa and Wu, Xiaoguang},
   title = {Damage detection under varying temperature using artificial neural networks},
   journal = {Struct. Control. Health Monit.},
   volume = {24},
   number = {11},
   ISSN = {1545-2263},
   DOI = {doi: 10.1002/stc.1998},
   year = {2017},
   type = {Journal Article}
}

@article{Gul2009,
   author = {Gul, Mustafa and Catbas, F Necati},
   title = {Statistical pattern recognition for structural health monitoring using time series modeling: Theory and experimental verifications},
   journal = {Mechanical Systems and Signal Processing},
   volume = {23},
   number = {7},
   pages = {2192-2204},
   ISSN = {0888-3270},
   year = {2009},
   type = {Journal Article}
}

@article{Guo2016,
   author = {Guo, Xuan and Chen, ZhiQiang},
   title = {Lifecycle multihazard framework for assessing flood scour and earthquake effects on bridge failure},
   journal = {ASCE-ASME Journal of Risk and Uncertainty in Engineering Systems, Part A: Civil Engineering},
   volume = {2},
   number = {2},
   pages = {C4015004},
   ISSN = {2376-7642},
   year = {2016},
   type = {Journal Article}
}

@article{Hackell2016,
   author = {Häckell, Moritz W and Rolfes, Raimund and Kane, Michael B and Lynch, Jerome P},
   title = {Three-tier modular structural health monitoring framework using environmental and operational condition clustering for data normalization: Validation on an operational wind turbine system},
   journal = {Proceedings of the IEEE},
   volume = {104},
   number = {8},
   pages = {1632-1646},
   ISSN = {0018-9219},
   year = {2016},
   type = {Journal Article}
}

@article{Hale2008,
   author = {Hale, Elaine T and Yin, Wotao and Zhang, Yin},
   title = {Fixed-point continuation for l1-minimization: Methodology and convergence},
   journal = {SIAM J Optimiz},
   volume = {19},
   number = {3},
   pages = {1107-1130},
   ISSN = {1052-6234},
   year = {2008},
   type = {Journal Article}
}

@article{Henry1993,
   author = {Henry, M. P. and Clarke, D. W.},
   title = {The self-validating sensor: rationale, definitions and examples},
   journal = {Control Engineering Practice},
   volume = {1},
   number = {4},
   pages = {585-610},
   ISSN = {09670661},
   DOI = {10.1016/0967-0661(93)91382-7},
   year = {1993},
   type = {Journal Article}
}

@article{Herrmann2012,
   author = {Herrmann, Felix J and Friedlander, Michael P and Yilmaz, Ozgur},
   title = {Fighting the curse of dimensionality: Compressive sensing in exploration seismology},
   journal = {IEEE Signal Proc Mag},
   volume = {29},
   number = {3},
   pages = {88-100},
   year = {2012},
   type = {Journal Article}
}

@article{Hershey2014,
   author = {Hershey, John R and Roux, Jonathan Le and Weninger, Felix},
   title = {Deep unfolding: Model-based inspiration of novel deep architectures},
   journal = {arXiv preprint arXiv:1409.2574},
   year = {2014},
   type = {Journal Article}
}

@article{Hinton2016,
   author = {Hinton, Geoffrey E and Osindero, Simon and Teh, Yee-Whye},
   title = {A fast learning algorithm for deep belief nets},
   journal = {Neural Comput},
   volume = {18},
   number = {7},
   pages = {1527-1554},
   year = {2006},
   type = {Journal Article}
}

@article{Hou2018,
   author = {Hou, Rongrong and Xia, Yong and Bao, Yuequan and Zhou, Xiaoqing},
   title = {Selection of regularization parameter for l 1-regularized damage detection},
   journal = {J Sound Vib},
   volume = {423},
   pages = {141-160},
   ISSN = {0022-460X},
   year = {2018},
   type = {Journal Article}
}

@article{Hu2017,
   author = {Hu, Wei Hua and Said, Samir and Rohrmann, Rolf G and Cunha, Álvaro and Teng, Jun},
   title = {Continuous dynamic monitoring of a prestressed concrete bridge based on strain, inclination and crack measurements over a 14-year span},
   journal = {Struct. Health Monit.},
   pages = {1475921717735505},
   ISSN = {1475-9217},
   year = {2017},
   type = {Journal Article}
}

@article{Hu2012,
   author = {Hu, Yao and Zhang, Debing and Ye, Jieping and Li, Xuelong and He, Xiaofei},
   title = {Fast and accurate matrix completion via truncated nuclear norm regularization},
   journal = {IEEE transactions on pattern analysis and machine intelligence},
   volume = {35},
   number = {9},
   pages = {2117-2130},
   ISSN = {0162-8828},
   year = {2012},
   type = {Journal Article}
}

@inproceedings{Huang2007,
   author = {Huang, Fu Jie and Boureau, Y-Lan and LeCun, Yann},
   title = {Unsupervised learning of invariant feature hierarchies with applications to object recognition},
   booktitle = {Computer Vision and Pattern Recognition, 2007. CVPR'07. IEEE Conference on},
   publisher = {IEEE},
   pages = {1-8},
   ISBN = {1424411793},
   type = {Conference Proceedings}
}

@article{Huang2016,
   author = {Huang, Gao and Liu, Zhuang and Weinberger, Kilian Q and van der Maaten, Laurens},
   title = {Densely connected convolutional networks},
   journal = {arXiv preprint arXiv:1608.06993},
   year = {2016},
   type = {Journal Article}
}

@article{Huang2016_1,
   author = {Huang, Lei and Duan, Shao Wei and Zhu, Kai Meng and Chen, Wen Geng},
   title = {Study on deformation monitoring of subway station deep foundation construction},
   journal = {Appl Mech Mater},
   volume = {847},
   pages = {425-430},
   ISSN = {303835693X},
   year = {2016},
   type = {Journal Article}
}

@article{Ihn2008,
   author = {Ihn, Jeong-Beom and Chang, Fu-Kuo},
   title = {Pitch-catch active sensing methods in structural health monitoring for aircraft structures},
   journal = {Struct Health Monit},
   volume = {7},
   number = {1},
   pages = {5-19},
   ISSN = {1475-9217},
   year = {2008},
   type = {Journal Article}
}

@book{Inman2005,
   author = {Inman, Daniel J and Farrar, Charles R and Vicente, Lopes Jr and Valder, Steffen Jr},
   title = {Damage prognosis: for aerospace, civil and mechanical systems},
   publisher = {John Wiley & Sons},
   address = {Chichester},
   ISBN = {0470869089},
   year = {2005},
   type = {Book}
}

@inproceedings{Ito1995,
   author = {Ito, M},
   title = {Full-scale measurements and structural damping of cable-supported bridges},
   booktitle = {Proc. of Int. Conf. on" Bridges Into The 21st Century" Hong Kong},
   type = {Conference Proceedings}
}

@inproceedings{Jarrett2009,
   author = {Jarrett, Kevin and Kavukcuoglu, Koray and LeCun, Yann},
   title = {What is the best multi-stage architecture for object recognition?},
   booktitle = {Computer Vision, 2009 IEEE 12th International Conference on},
   publisher = {IEEE},
   pages = {2146-2153},
   ISBN = {1424444209},
   type = {Conference Proceedings}
}

@article{Ji2008,
   author = {Ji, Shihao and Xue, Ya and Carin, Lawrence},
   title = {Bayesian compressive sensing},
   journal = {IEEE T Signal Process},
   volume = {56},
   number = {6},
   pages = {2346},
   ISSN = {1053-587X},
   year = {2008},
   type = {Journal Article}
}

@article{Jiang2007,
   author = {Jiang, Xiaomo and Mahadevan, Sankaran and Adeli, Hojjat},
   title = {Bayesian wavelet packet denoising for structural system identification},
   journal = {Struct Control Hlth},
   volume = {14},
   number = {2},
   pages = {333-356},
   ISSN = {1545-2263},
   year = {2007},
   type = {Journal Article}
}

@article{Jin2017,
   author = {Jin, Kyong Hwan and McCann, Michael T and Froustey, Emmanuel and Unser, Michael %J IEEE Transactions on Image Processing},
   title = {Deep convolutional neural network for inverse problems in imaging},
   volume = {26},
   number = {9},
   pages = {4509-4522},
   ISSN = {1057-7149},
   year = {2017},
   type = {Journal Article}
}

@book{John2002,
   author = {Johnson, Richard Arnold and Wichern, Dean W},
   title = {Applied multivariate statistical analysis},
   publisher = {Pearson PLC},
   address = {London},
   volume = {5},
   year = {2002},
   type = {Book}
}

@article{Kalchbrenner2014,
   author = {Kalchbrenner, Nal and Grefenstette, Edward and Blunsom, Phil},
   title = {A convolutional neural network for modelling sentences},
   journal = {arXiv preprint arXiv:1404.2188},
   year = {2014},
   type = {Journal Article}
}

@inproceedings{Kang2016,
   author = {Kang, Zhao and Peng, Chong and Cheng, Qiang},
   title = {Top-n recommender system via matrix completion},
   booktitle = {Thirtieth AAAI Conference on Artificial Intelligence},
   type = {Conference Proceedings}
}

@article{Katicha2014,
   author = {Katicha, Samer Wehbe and Flintsch, Gerardo and Bryce, James and Ferne, Brian},
   title = {Wavelet denoising of TSD deflection slope measurements for improved pavement structural evaluation},
   journal = {Comput-Aided Civ Inf},
   volume = {29},
   number = {6},
   pages = {399-415},
   ISSN = {1467-8667},
   year = {2014},
   type = {Journal Article}
}

@article{Kavi1986,
   author = {Kavi, Krishna M. and Buckles, Bill P. and Bhat, U. Narayan},
   title = {A formal definition of data flow graph models},
   journal = {IEEE T Comput},
   number = {11},
   pages = {940-948},
   ISSN = {0018-9340},
   year = {1986},
   type = {Journal Article}
}

@article{Kerschen2004,
   author = {Kerschen, Gaetan and De Boe, Pascal and Golinval, Jean-Claude and Worden, Keith},
   title = {Sensor validation using principal component analysis},
   journal = {Smart Materials and Structures},
   volume = {14},
   number = {1},
   pages = {36},
   ISSN = {0964-1726},
   year = {2004},
   type = {Journal Article}
}

@article{Khodabandolehlou2018,
   author = {Khodabandolehlou, Hamid and Pekcan, Gökhan and Fadali, M Sami and Salem, Mohamed},
   title = {Active neural predictive control of seismically isolated structures},
   journal = {Struct. Control Health Monit.},
   volume = {25},
   number = {1},
   ISSN = {1545-2263},
   DOI = {doi:10.1002/stc.2061},
   year = {2018},
   type = {Journal Article}
}

@article{Kim2017,
   author = {Kim, Hongjo and Kim, Hyoungkwan and Hong, Yong Won and Byun, Hyeran},
   title = {Detecting Construction Equipment Using a Region-Based Fully Convolutional Network and Transfer Learning},
   journal = {J. Comput. Civil. Eng.},
   volume = {32},
   number = {2},
   pages = {04017082},
   ISSN = {0887-3801},
   year = {2017},
   type = {Journal Article}
}

@article{Kim2014,
   author = {Kim, Yoon},
   title = {Convolutional neural networks for sentence classification},
   journal = {arXiv preprint arXiv:1408.5882},
   year = {2014},
   type = {Journal Article}
}

@article{Kingma2014,
   author = {Kingma, Diederik P and Ba, Jimmy},
   title = {Adam: A method for stochastic optimization},
   journal = {arXiv preprint arXiv:1412.6980},
   year = {2014},
   type = {Journal Article}
}

@article{Klis2017,
   author = {Klis, Roman and Chatzi, Eleni N},
   title = {Vibration monitoring via spectro-temporal compressive sensing for wireless sensor networks},
   journal = {Struct Infrastruct E},
   volume = {13},
   number = {1},
   pages = {195-209},
   ISSN = {1573-2479},
   year = {2017},
   type = {Journal Article}
}

@article{Ko2005,
   author = {Ko, JM and Ni, YQ},
   title = {Technology developments in structural health monitoring of large-scale bridges},
   journal = {Eng Struct},
   volume = {27},
   number = {12},
   pages = {1715-1725},
   ISSN = {0141-0296},
   year = {2005},
   type = {Journal Article}
}

@article{Koch2015,
   author = {Koch, Christian and Georgieva, Kristina and Kasireddy, Varun and Akinci, Burcu and Fieguth, Paul},
   title = {A review on computer vision based defect detection and condition assessment of concrete and asphalt civil infrastructure},
   journal = {Adv Eng Inform},
   volume = {29},
   number = {2},
   pages = {196-210},
   ISSN = {1474-0346},
   year = {2015},
   type = {Journal Article}
}

@article{Kolar2018,
   author = {Kolar, Zdenek and Chen, Hainan and Luo, Xiaowei},
   title = {Transfer learning and deep convolutional neural networks for safety guardrail detection in 2D images},
   journal = {Automation in Construction},
   volume = {89},
   pages = {58-70},
   ISSN = {0926-5805},
   year = {2018},
   type = {Journal Article}
}

@article{Konstantakopoulos2012,
   author = {Konstantakopoulos, TG and Raftoyiannis, IG and Michaltsos, GT},
   title = {Suspended bridges subjected to earthquake and moving loads},
   journal = {Engineering structures},
   volume = {45},
   pages = {223-237},
   ISSN = {0141-0296},
   year = {2012},
   type = {Journal Article}
}

@article{Kose2015,
   author = {Kose, Ilker and Gokturk, Mehmet and Kilic, Kemal},
   title = {An interactive machine-learning-based electronic fraud and abuse detection system in healthcare insurance},
   journal = {Appl. Soft Comput.},
   volume = {36},
   pages = {283-299},
   ISSN = {1568-4946},
   year = {2015},
   type = {Journal Article}
}

@article{Kramer1992,
   author = {Kramer, Mark A},
   title = {Autoassociative neural networks},
   journal = {Comput Chem Eng},
   volume = {16},
   number = {4},
   pages = {313-328},
   url = {http://scholar.google.com/scholar?q=Autoassociative neural networks&btnG=&hl=en&num=20&as_sdt=0%2C22},
   year = {1992},
   type = {Journal Article}
}

@article{Kullaa2010,
   author = {Kullaa, Jyrki},
   title = {Sensor validation using minimum mean square error estimation},
   journal = {Mechanical Systems and Signal Processing},
   volume = {24},
   number = {5},
   pages = {1444-1457},
   ISSN = {0888-3270},
   year = {2010},
   type = {Journal Article}
}

@article{Kullaa2011,
   author = {Kullaa, Jyrki},
   title = {Distinguishing between sensor fault, structural damage, and environmental or operational effects in structural health monitoring},
   journal = {Mechanical Systems and Signal Processing},
   volume = {25},
   number = {8},
   pages = {2976-2989},
   ISSN = {0888-3270},
   year = {2011},
   type = {Journal Article}
}

@article{Kullaa2013,
   author = {Kullaa, Jyrki},
   title = {Detection, identification, and quantification of sensor fault in a sensor network},
   journal = {Mechanical Systems and Signal Processing},
   volume = {40},
   number = {1},
   pages = {208-221},
   ISSN = {0888-3270},
   year = {2013},
   type = {Journal Article}
}

@article{Kumar2015,
   author = {Kumar, Rajiv and Da Silva, Curt and Akalin, Okan and Aravkin, Aleksandr Y and Mansour, Hassan and Recht, Benjamin and Herrmann, Felix J},
   title = {Efficient matrix completion for seismic data reconstruction},
   journal = {Geophysics},
   volume = {80},
   number = {5},
   pages = {V97-V114},
   ISSN = {0016-8033},
   year = {2015},
   type = {Journal Article}
}

@book{Landstrom1969,
   author = {Landström, Björn},
   title = {Sailing ships, in words and pictures, from papyrus boats to full-riggers},
   publisher = {Doubleday},
   year = {1969},
   type = {Book}
}

@inproceedings{Larson2016,
   author = {Larsson, Gustav and Maire, Michael and Shakhnarovich, Gregory},
   title = {Learning representations for automatic colorization},
   booktitle = {European Conference on Computer Vision},
   publisher = {Springer},
   pages = {577-593},
   type = {Conference Proceedings}
}

@inbook{LeCun1995,
   author = {LeCun, Yann and Bengio, Yoshua},
   title = {Convolutional networks for images, speech, and time series},
   booktitle = {The handbook of brain theory and neural networks},
   publisher = {MIT Press},
   address = {Cambridge, MA},
   volume = {3361},
   pages = {1995},
   year = {1995},
   type = {Book Section}
}

@inproceedings{LeCun1989,
   author = {LeCun, Yann and Boser, Bernhard E. and Denker, John S. and Henderson, Donnie and Howard, R. E. and Hubbard, Wayne E. and Jackel, Lawrence D.},
   title = {Handwritten Digit Recognition with a Back-Propagation Network},
   booktitle = {Neural Information Processing Systems},
   editor = {Touretzky, D. S.},
   type = {Conference Proceedings}
}

@inproceedings{LeCun2010,
   author = {LeCun, Yann and Kavukcuoglu, Koray and Farabet, Clément},
   title = {Convolutional networks and applications in vision},
   booktitle = {Circuits and Systems (ISCAS), Proceedings of 2010 IEEE International Symposium on},
   publisher = {IEEE},
   pages = {253-256},
   ISBN = {1424453089},
   type = {Conference Proceedings}
}

@article{Li2015,
   author = {Li, Chuan and Sanchez, René-Vinicio and Zurita, Grover and Cerrada, Mariela and Cabrera, Diego and Vásquez, Rafael E},
   title = {Multimodal deep support vector classification with homologous features and its application to gearbox fault diagnosis},
   journal = {Neurocomputing},
   volume = {168},
   pages = {119-127},
   ISSN = {0925-2312},
   year = {2015},
   type = {Journal Article}
}

@article{Li2016,
   author = {Li, Hui and Ou, Jin Ping},
   title = {The state of the art in structural health monitoring of cable-stayed bridges},
   journal = {J Civ Struct Health Monit},
   volume = {6},
   number = {1},
   pages = {43-67},
   ISSN = {2190-5452},
   year = {2016},
   type = {Journal Article}
}

@article{Li2015_1,
   author = {Li, Hui and Ou, Jin Ping and Zhang, Xi Gang and Pei, Min Shan and Li, Na},
   title = {Research and practice of health monitoring for long-span bridges in the mainland of China},
   journal = {Smart Struct Syst},
   volume = {15},
   number = {3},
   pages = {555-576},
   ISSN = {1738-1584},
   year = {2015},
   type = {Journal Article}
}

@article{Li2014,
   author = {Li, Shun Long and Li, Hui and Liu, Yang and Lan, Cheng Ming and Zhou, Wen Song and Ou, Jin Ping},
   title = {SMC structural health monitoring benchmark problem using monitored data from an actual cable‐stayed bridge},
   journal = {Struct Control Hlth},
   volume = {21},
   number = {2},
   pages = {156-172},
   ISSN = {1545-2263},
   year = {2014},
   type = {Journal Article}
}

@inproceedings{Li2017,
   author = {Li, Xutao and Ye, Yunming and Xu, Xiaofei},
   title = {Low-rank tensor completion with total variation for visual data inpainting},
   booktitle = {Thirty-First AAAI Conference on Artificial Intelligence},
   type = {Conference Proceedings}
}

@article{Li2001,
   author = {Li, ZX and Chan, Tommy HT and Ko, Jan Ming},
   title = {Fatigue damage model for bridge under traffic loading: application made to Tsing Ma Bridge},
   journal = {Theoretical and Applied Fracture Mechanics},
   volume = {35},
   number = {1},
   pages = {81-91},
   ISSN = {0167-8442},
   year = {2001},
   type = {Journal Article}
}

@inproceedings{Lin2006,
   author = {Lin, Shan and Zhang, Jing Bin and Zhou, Gang and Gu, Lin and Stankovic, John A and He, Tian},
   title = {ATPC: adaptive transmission power control for wireless sensor networks},
   booktitle = {Proceedings of the 4th international conference on embedded networked sensor systems},
   address = {New York},
   publisher = {ACM},
   pages = {223-236},
   ISBN = {1595933433},
   type = {Conference Proceedings}
}

@article{Lin2017,
   author = {Lin, Yi Zhou and Nie, Zhen Hua and Ma, Hong‐Wei},
   title = {Structural Damage Detection with Automatic Feature‐Extraction through Deep Learning},
   journal = {Comput.-Aided Civ. Inf.},
   volume = {32},
   number = {12},
   pages = {1025-1046},
   ISSN = {1467-8667},
   year = {2017},
   type = {Journal Article}
}

@article{Lounici2009,
   author = {Lounici, Karim and Pontil, Massimiliano and Tsybakov, Alexandre B and Van De Geer, Sara},
   title = {Taking advantage of sparsity in multi-task learning},
   journal = {arXiv preprint arXiv:0903.1468},
   year = {2009},
   type = {Journal Article}
}

@inproceedings{Luo2009,
   author = {Luo, Chong and Wu, Feng and Sun, Jun and Chen, Chang Wen},
   title = {Compressive data gathering for large-scale wireless sensor networks},
   booktitle = {Proceedings of the 15th annual international conference on Mobile computing and networking},
   publisher = {ACM},
   pages = {145-156},
   ISBN = {1605587028},
   type = {Conference Proceedings}
}

@article{Luo2018,
   author = {Luo, Xiaochun and Li, Heng and Cao, Dongping and Dai, Fei and Seo, JoonOh and Lee, SangHyun},
   title = {Recognizing Diverse Construction Activities in Site Images via Relevance Networks of Construction Related Objects Detected by Convolutional Neural Networks},
   journal = {Journal of Computing in Civil Engineering},
   volume = {32},
   number = {3},
   pages = {04018012},
   ISSN = {0887-3801},
   year = {2018},
   type = {Journal Article}
}

@article{Lustig2007,
   author = {Lustig, Michael and Donoho, David and Pauly, John M},
   title = {Sparse MRI: The application of compressed sensing for rapid MR imaging},
   journal = {Magnetic Resonance in Medicine: An Official Journal of the International Society for Magnetic Resonance in Medicine},
   volume = {58},
   number = {6},
   pages = {1182-1195},
   ISSN = {0740-3194},
   year = {2007},
   type = {Journal Article}
}

@article{Lynch2016,
   author = {Lynch, Jerome P and Farrar, Charles R and Michaels, Jennifer E},
   title = {Structural health monitoring: technological advances to practical implementations [scanning the issue]},
   journal = {Proceedings of the IEEE},
   volume = {104},
   number = {8},
   pages = {1508-1512},
   ISSN = {0018-9219},
   year = {2016},
   type = {Journal Article}
}

@article{Ma2009,
   author = {Ma, Jianwei},
   title = {Single-pixel remote sensing},
   journal = {J IEEE Geoscience Remote Sensing Letters},
   volume = {6},
   number = {2},
   pages = {199-203},
   ISSN = {1545-598X},
   year = {2009},
   type = {Journal Article}
}

@article{Moller1993,
   author = {Møller, Martin},
   title = {A scaled conjugate gradient algorithm for fast supervised learning},
   journal = {Neural Networks},
   volume = {6},
   number = {4},
   pages = {525-533},
   ISSN = {0893-6080},
   DOI = {10.1016/s0893-6080(05)80056-5},
   url = {http://dx.doi.org/10.1016/s0893-6080(05)80056-5},
   year = {1993},
   type = {Journal Article}
}

@article{Nagarajaiah2016,
   author = {Nagarajaiah, Satish and Erazo, Kalil},
   title = {Structural monitoring and identification of civil infrastructure in the United States},
   journal = {Struct. Monit. Maint},
   volume = {3},
   number = {1},
   pages = {51-69},
   year = {2016},
   type = {Journal Article}
}

@article{Nagarajaiah2017,
   author = {Nagarajaiah, Satish and Yang, Yongchao},
   title = {Modeling and harnessing sparse and low‐rank data structure: a new paradigm for structural dynamics, identification, damage detection, and health monitoring},
   journal = {Structural Control and Health Monitoring},
   volume = {24},
   number = {1},
   pages = {e1851},
   ISSN = {1545-2255},
   year = {2017},
   type = {Journal Article}
}

@article{Nagayama2010,
   author = {Nagayama, Tomonori and Moinzadeh, Parya and Mechitov, Kirill and Ushita, Mitsushi and Makihata, Noritoshi and Ieiri, Masataka and Agha, Gul and Spencer, Billie F. and Fujino, Yozo and Seo, Ju-Won},
   title = {Reliable multi-hop communication for structural health monitoring},
   journal = {Smart Structures and Systems},
   volume = {6},
   number = {5_6},
   pages = {481-504},
   ISSN = {1738-1584},
   DOI = {10.12989/sss.2010.6.5_6.481},
   url = {http://dx.doi.org/10.12989/sss.2010.6.5_6.481},
   year = {2010},
   type = {Journal Article}
}

@article{Nazmy1990,
   author = {Nazmy, Aly S and Abdel-Ghaffar, Ahmed M},
   title = {Three-dimensional nonlinear static analysis of cable-stayed bridges},
   journal = {Computers & structures},
   volume = {34},
   number = {2},
   pages = {257-271},
   ISSN = {0045-7949},
   year = {1990},
   type = {Journal Article}
}

@article{Neu2017,
   author = {Neu, Eugen and Janser, Frank and Khatibi, Akbar A and Orifici, Adrian C},
   title = {Fully automated operational modal analysis using multi-stage clustering},
   journal = {Mechanical Systems and Signal Processing},
   volume = {84},
   pages = {308-323},
   ISSN = {0888-3270},
   year = {2017},
   type = {Journal Article}
}

@article{Newland1993,
   author = {Newland, David E},
   title = {Harmonic wavelet analysis},
   journal = {Proceedings of the Royal Society of London. Series A: Mathematical and Physical Sciences},
   volume = {443},
   number = {1917},
   pages = {203-225},
   ISSN = {0962-8444},
   year = {1993},
   type = {Journal Article}
}

@article{Ni2011,
   author = {Ni, Y Q and Wong, K Y and Xia, Yong},
   title = {Health checks through landmark bridges to sky-high structures},
   journal = {Adv Struct Eng},
   volume = {14},
   number = {1},
   pages = {103-119},
   ISSN = {1369-4332},
   year = {2011},
   type = {Journal Article}
}

@article{OConnor2014,
   author = {O’Connor, SM and Lynch, JP and Gilbert, AC},
   title = {Compressed sensing embedded in an operational wireless sensor network to achieve energy efficiency in long-term monitoring applications},
   journal = {Smart Mater Struct},
   volume = {23},
   number = {8},
   pages = {085014},
   ISSN = {0964-1726},
   year = {2014},
   type = {Journal Article}
}

@article{Ou2010,
   author = {Ou, Jinping and Li, Hui},
   title = {Structural health monitoring in mainland China: review and future trends},
   journal = {Struct Health Monit},
   volume = {9},
   number = {3},
   pages = {219-231},
   ISSN = {1475-9217},
   year = {2010},
   type = {Journal Article}
}

@article{Park2014,
   author = {Park, Jae and Wakin, Michael B. and Gilbert, Anna C.},
   title = {Modal Analysis With Compressive Measurements},
   journal = {IEEE Transactions on Signal Processing},
   volume = {62},
   number = {7},
   pages = {1655-1670},
   ISSN = {1053-587X},
   DOI = {10.1109/TSP.2014.2302736},
   url = {http://dx.doi.org/10.1109/TSP.2014.2302736},
   year = {2014},
   type = {Journal Article}
}

@article{Park2016,
   author = {Park, Jee Woong and Kim, Kyungki and Cho, Yong K},
   title = {Framework of automated construction-safety monitoring using cloud-enabled BIM and BLE mobile tracking sensors},
   journal = {J Constr Eng M},
   pages = {05016019},
   ISSN = {0733-9364},
   year = {2016},
   type = {Journal Article}
}

@article{Park2014_1,
   author = {Park, Jae Young and Wakin, Michael B and Gilbert, Anna C},
   title = {Modal Analysis With Compressive Measurements},
   journal = {IEEE T Signal Process},
   volume = {62},
   number = {7},
   pages = {1655-1670},
   year = {2014},
   type = {Journal Article}
}

@article{Park2018,
   author = {Park, Sungho and Kim, Seokgoo and Choi, Joo-Ho},
   title = {Gear fault diagnosis using transmission error and ensemble empirical mode decomposition},
   journal = {Mechanical Systems and Signal Processing},
   volume = {108},
   pages = {262-275},
   ISSN = {0888-3270},
   DOI = {https://doi.org/10.1016/j.ymssp.2018.02.028},
   url = {http://www.sciencedirect.com/science/article/pii/S0888327018300864},
   year = {2018},
   type = {Journal Article}
}

@article{Peckens2013,
   author = {Peckens, CA and Lynch, JP},
   title = {Utilizing the cochlea as a bio-inspired compressive sensing technique},
   journal = {Smart Mater Struct},
   volume = {22},
   number = {10},
   pages = {105027},
   ISSN = {0964-1726},
   year = {2013},
   type = {Journal Article}
}

@article{Pomerleau1991,
   author = {Pomerleau, Dean A},
   title = {Efficient training of artificial neural networks for autonomous navigation},
   journal = {Neural. Comput.},
   volume = {3},
   number = {1},
   pages = {88-97},
   ISSN = {0899-7667},
   year = {1991},
   type = {Journal Article}
}

@article{Putzky2017,
   author = {Putzky, Patrick and Welling, Max %J arXiv preprint arXiv:.04008},
   title = {Recurrent inference machines for solving inverse problems},
   year = {2017},
   type = {Journal Article}
}

@article{Qi2017,
   author = {Qi, Chongchong and Fourie, Andy and Ma, Guowei and Tang, Xiaolin and Du, Xuhao},
   title = {Comparative Study of Hybrid Artificial Intelligence Approaches for Predicting Hangingwall Stability},
   journal = {J. Comput. Civil. Eng.},
   volume = {32},
   number = {2},
   pages = {04017086},
   ISSN = {0887-3801},
   year = {2017},
   type = {Journal Article}
}

@article{Rainieri2010,
   author = {Rainieri, Carlo and Fabbrocino, Giovanni},
   title = {Automated output-only dynamic identification of civil engineering structures},
   journal = {Mechanical Systems and Signal Processing},
   volume = {24},
   number = {3},
   pages = {678-695},
   ISSN = {0888-3270},
   year = {2010},
   type = {Journal Article}
}

@inproceedings{Rondinone2008,
   author = {Rondinone, Michele and Ansari, Junaid and Riihijärvi, Janne and Mähönen, Petri},
   title = {Designing a reliable and stable link quality metric for wireless sensor networks},
   booktitle = {Proceedings of the workshop on real-world wireless sensor networks},
   address = {New York},
   publisher = {ACM},
   pages = {6-10},
   ISBN = {1605581232},
   type = {Conference Proceedings}
}

@article{Ruiz2018,
   author = {Ruiz, Magda and Mujica, Luis E and Alférez, Santiago and Acho, Leonardo and Tutivén, Christian and Vidal, Yolanda and Rodellar, José and Pozo, Francesc},
   title = {Wind turbine fault detection and classification by means of image texture analysis},
   journal = {Mech. Syst. Signal. Pr.},
   volume = {107},
   pages = {149-167},
   ISSN = {0888-3270},
   year = {2018},
   type = {Journal Article}
}

@article{Rumelhart1986,
   author = {Rumelhart, David E and Hinton, Geoffrey E and Williams, Ronald J},
   title = {Learning representations by back-propagating errors},
   journal = {nature},
   volume = {323},
   number = {6088},
   pages = {533},
   ISSN = {1476-4687},
   year = {1986},
   type = {Journal Article}
}

@inproceedings{Sainath2015,
   author = {Sainath, Tara N and Vinyals, Oriol and Senior, Andrew and Sak, Haşim},
   title = {Convolutional, long short-term memory, fully connected deep neural networks},
   booktitle = {Acoustics, Speech and Signal Processing (ICASSP), 2015 IEEE International Conference on},
   publisher = {IEEE},
   pages = {4580-4584},
   ISBN = {1467369977},
   type = {Conference Proceedings}
}

@article{Scherer2010,
   author = {Scherer, Dominik and Müller, Andreas and Behnke, Sven},
   title = {Evaluation of pooling operations in convolutional architectures for object recognition},
   journal = {Artificial Neural Networks–ICANN 2010},
   pages = {92-101},
   year = {2010},
   type = {Journal Article}
}

@article{Sennah2001,
   author = {Sennah, Khaled M and Kennedy, John B},
   title = {State-of-the-art in design of curved box-girder bridges},
   journal = {Journal of Bridge Engineering},
   volume = {6},
   number = {3},
   pages = {159-167},
   ISSN = {1084-0702},
   year = {2001},
   type = {Journal Article}
}

@article{Shen2012,
   author = {Shen, Zhengguang and Wang, Qi},
   title = {Failure detection, isolation, and recovery of multifunctional self-validating sensor},
   journal = {IEEE T Instrum Meas},
   volume = {61},
   number = {12},
   pages = {3351-3362},
   ISSN = {0018-9456},
   DOI = {10.1109/TIM.2012.2205509},
   url = {http://dx.doi.org/10.1109/TIM.2012.2205509},
   year = {2012},
   type = {Journal Article}
}

@article{Simoes1994,
   author = {Simões, LMC and Negrão, JHO},
   title = {Sizing and geometry optimization of cable-stayed bridges},
   journal = {Computers & structures},
   volume = {52},
   number = {2},
   pages = {309-321},
   ISSN = {0045-7949},
   year = {1994},
   type = {Journal Article}
}

@article{Siringoringo2018,
   author = {Siringoringo, Dionysius M and Fujino, Yozo},
   title = {Seismic response of a suspension bridge: Insights from long‐term full‐scale seismic monitoring system},
   journal = {Structural Control and Health Monitoring},
   volume = {25},
   number = {11},
   pages = {e2252},
   ISSN = {1545-2255},
   year = {2018},
   type = {Journal Article}
}

@article{Smyth2003,
   author = {Smyth, Andrew W and Pei, Jin‐Song and Masri, Sami F},
   title = {System identification of the Vincent Thomas suspension bridge using earthquake records},
   journal = {Earthquake Engineering & Structural Dynamics},
   volume = {32},
   number = {3},
   pages = {339-367},
   ISSN = {0098-8847},
   year = {2003},
   type = {Journal Article}
}

@techreport{Sohn2003,
   author = {Sohn, Hoon and Farrar, Charles R and Hemez, Francois M and Shunk, Devin D and Stinemates, Daniel W and Nadler, Brett R and Czarnecki, Jerry J},
   title = {A review of structural health monitoring literature: 1996–2001},
   institution = {Los Alamos National Laboratory},
   year = {2003},
   type = {Report}
}

@inproceedings{Soukup2014,
   author = {Soukup, Daniel and Huber-Mörk, Reinhold},
   title = {Convolutional neural networks for steel surface defect detection from photometric stereo images},
   booktitle = {International Symposium on Visual Computing},
   publisher = {Springer},
   pages = {668-677},
   type = {Conference Proceedings}
}

@article{Spencer2004,
   author = {Spencer, B F and Ruiz‐Sandoval, Manuel E and Kurata, Narito},
   title = {Smart sensing technology: opportunities and challenges},
   journal = {Struct Control Hlth},
   volume = {11},
   number = {4},
   pages = {349-368},
   ISSN = {1545-2255},
   year = {2004},
   type = {Journal Article}
}

@article{Spencer2017,
   author = {Spencer, B. F. Jr and Park, J-W and Mechitov, KA and Jo, H and Agha, G},
   title = {Next generation wireless smart sensors toward sustainable civil infrastructure},
   journal = {Procedia Engineering},
   volume = {171},
   number = {2017},
   pages = {5-13},
   ISSN = {1877-7058},
   year = {2017},
   type = {Journal Article}
}

@inproceedings{Takhar2006,
   author = {Takhar, Dharmpal and Laska, Jason N and Wakin, Michael B and Duarte, Marco F and Baron, Dror and Sarvotham, Shriram and Kelly, Kevin F and Baraniuk, Richard G},
   title = {A new compressive imaging camera architecture using optical-domain compression},
   booktitle = {Computational Imaging IV},
   publisher = {International Society for Optics and Photonics},
   volume = {6065},
   pages = {606509},
   type = {Conference Proceedings}
}

@article{Tamilselvan2013,
   author = {Tamilselvan, Prasanna and Wang, Pingfeng},
   title = {Failure diagnosis using deep belief learning based health state classification},
   journal = {Reliab Eng Syst Safe},
   volume = {115},
   pages = {124-135},
   ISSN = {0951-8320},
   year = {2013},
   type = {Journal Article}
}

@article{Tang2019,
   author = {Tang, Zhiyi and Chen, Zhicheng and Bao, Yuequan and Li, Hui},
   title = {Convolutional neural network‐based data anomaly detection method using multiple information for structural health monitoring},
   journal = {Structural Control and Health Monitoring},
   volume = {26},
   number = {1},
   pages = {e2296},
   ISSN = {1545-2255},
   year = {2019},
   type = {Journal Article}
}

@article{Tieleman2012,
   author = {Tieleman, Tijmen and Hinton, Geoffrey},
   title = {Lecture 6.5-rmsprop: Divide the gradient by a running average of its recent magnitude},
   journal = {COURSERA: Neural networks for machine learning},
   volume = {4},
   number = {2},
   pages = {26-31},
   year = {2012},
   type = {Journal Article}
}

@book{Troitsky1977,
   author = {Troitsky, Michael S},
   title = {Cable-stayed Bridges. Theory and Design},
   year = {1977},
   type = {Book}
}

@article{Tropp2006,
   author = {Tropp, Joel A and Gilbert, Anna C and Strauss, Martin J},
   title = {Algorithms for simultaneous sparse approximation. Part I: Greedy pursuit},
   journal = {Signal Process},
   volume = {86},
   number = {3},
   pages = {572-588},
   ISSN = {0165-1684},
   year = {2006},
   type = {Journal Article}
}

@article{Wang2015,
   author = {Wang, Hanchuang and Chen, Shengchang and Ren, Haoran and Liang, Donghui and Zhou, Huamin and She, Deping},
   title = {Seismic data two-step recovery approach combining sparsity-promoting and hyperbolic Radon transform methods},
   journal = {Journal of Geophysics and Engineering},
   volume = {12},
   number = {3},
   pages = {465-476},
   ISSN = {1742-2132
1742-2140},
   DOI = {10.1088/1742-2132/12/3/465},
   year = {2015},
   type = {Journal Article}
}

@article{Wang2014,
   author = {Wang, Helsin and Hsieh, Shih-Chun and Lin, Cheng and Wang, Chung-Yue},
   title = {Forensic diagnosis on flood-induced bridge failure. I: Determination of the possible causes of failure},
   journal = {Journal of Performance of Constructed Facilities},
   volume = {28},
   number = {1},
   pages = {76-84},
   ISSN = {0887-3828},
   year = {2014},
   type = {Journal Article}
}

@inproceedings{Wang2015_1,
   author = {Wang, Hao and Wang, Naiyan and Yeung, Dit-Yan},
   title = {Collaborative deep learning for recommender systems},
   booktitle = {Proceedings of the 21th ACM SIGKDD International Conference on Knowledge Discovery and Data Mining},
   publisher = {ACM},
   pages = {1235-1244},
   ISBN = {1450336647},
   type = {Conference Proceedings}
}

@article{Wang2013,
   author = {Wang, Ying and Hao, Hong},
   title = {Damage identification scheme based on compressive sensing},
   journal = {J Comput Civil Eng},
   volume = {29},
   number = {2},
   pages = {04014037},
   ISSN = {0887-3801},
   year = {2013},
   type = {Journal Article}
}

@inproceedings{Wei2015,
   author = {Wei, Shi Yin and Li, Shun Long and Li, Hui},
   title = {Clustering of vehicular cable tension of cable-stayed bridge under normal operation conditions},
   booktitle = {Proceedings of the 10th international workshop on structural health monitoring},
   address = {Stanford},
   publisher = {IWSHM},
   type = {Conference Proceedings}
}

@article{Wen2010,
   author = {Wen, Zaiwen and Yin, Wotao and Goldfarb, Donald and Zhang, Yin},
   title = {A fast algorithm for sparse reconstruction based on shrinkage, subspace optimization, and continuation},
   journal = {SIAM J Sci Comput},
   volume = {32},
   number = {4},
   pages = {1832-1857},
   ISSN = {1064-8275},
   year = {2010},
   type = {Journal Article}
}

@article{Wilson1991,
   author = {Wilson, John C and Liu, Tao},
   title = {Ambient vibration measurements on a cable‐stayed bridge},
   journal = {Earthquake engineering & structural dynamics},
   volume = {20},
   number = {8},
   pages = {723-747},
   ISSN = {0098-8847},
   year = {1991},
   type = {Journal Article}
}

@article{Worden2004,
   author = {Worden, K. and Dulieu-Barton, J. M.},
   title = {An overview of intelligent fault detection in systems and structures},
   journal = {Struct Health Monit},
   volume = {3},
   number = {1},
   pages = {85-98},
   ISSN = {1475-9217},
   DOI = {10.1177/1475921704041866},
   url = {http://dx.doi.org/10.1177/1475921704041866},
   year = {2004},
   type = {Journal Article}
}

@article{Worden2008,
   author = {Worden, Keith and Farrar, Charles R and Haywood, Jonathan and Todd, Michael},
   title = {A review of nonlinear dynamics applications to structural health monitoring},
   journal = {Struct Control Hlth},
   volume = {15},
   number = {4},
   pages = {540-567},
   ISSN = {1545-2255},
   year = {2008},
   type = {Journal Article}
}

@article{Wright2009,
   author = {Wright, Stephen J and Nowak, Robert D and Figueiredo, Mário AT},
   title = {Sparse reconstruction by separable approximation},
   journal = {IEEE T Signal Process},
   volume = {57},
   number = {7},
   pages = {2479-2493},
   ISSN = {1053-587X},
   year = {2009},
   type = {Journal Article}
}

@article{Xu2018,
   author = {Xu, Yang and Li, Shunlong and Zhang, Dongyu and Jin, Yao and Zhang, Fujian and Li, Na and Li, Hui},
   title = {Identification framework for cracks on a steel structure surface by a restricted Boltzmann machines algorithm based on consumer‐grade camera images},
   journal = {Struct. Control. Health Monit.},
   volume = {25},
   number = {2},
   ISSN = {1545-2263},
   DOI = {doi:10.1002/stc.2075},
   year = {2018},
   type = {Journal Article}
}

@article{Yang2003,
   author = {Yang, Wen Xian and Peter, W Tse},
   title = {Development of an advanced noise reduction method for vibration analysis based on singular value decomposition},
   journal = {NDT & E Int},
   volume = {36},
   number = {6},
   pages = {419-432},
   ISSN = {0963-8695},
   year = {2003},
   type = {Journal Article}
}

@article{Yang2017,
   author = {Yang, Xiaoxia and Xue, Bin and Jia, Lecheng and Zhang, Hao},
   title = {Quantitative analysis of pit defects in an automobile engine cylinder cavity using the radial basis function neural network–genetic algorithm model},
   journal = {Struct. Health Monit.},
   volume = {16},
   number = {6},
   pages = {696-710},
   ISSN = {1475-9217},
   year = {2017},
   type = {Journal Article}
}

@article{Yang2014_1,
   author = {Yang, Yongchao and Nagarajaiah, Satish},
   title = {Blind denoising of structural vibration responses with outliers via principal component pursuit},
   journal = {Structural Control and Health Monitoring},
   volume = {21},
   number = {6},
   pages = {962-978},
   ISSN = {1545-2263},
   year = {2014},
   type = {Journal Article}
}

@article{Yang2014,
   author = {Yang, Yongchao and Nagarajaiah, Satish},
   title = {Data compression of structural seismic responses via principled independent component analysis},
   journal = {Journal of Structural Engineering},
   volume = {140},
   number = {7},
   pages = {04014032},
   ISSN = {0733-9445},
   year = {2014},
   type = {Journal Article}
}

@article{Yang2015,
   author = {Yang, Yongchao and Nagarajaiah, Satish},
   title = {Output-only modal identification by compressed sensing: Non-uniform low-rate random sampling},
   journal = {Mech Syst Signal Pr},
   volume = {56},
   pages = {15-34},
   ISSN = {0888-3270},
   year = {2015},
   type = {Journal Article}
}

@article{Yang2016,
   author = {Yang, Yongchao and Nagarajaiah, Satish},
   title = {Harnessing data structure for recovery of randomly missing structural vibration responses time history: Sparse representation versus low-rank structure},
   journal = {Mechanical Systems and Signal Processing},
   volume = {74},
   pages = {165-182},
   ISSN = {0888-3270},
   year = {2016},
   type = {Journal Article}
}

@article{Yang2017_1,
   author = {Yang, Yongchao and Nagarajaiah, Satish},
   title = {Robust data transmission and recovery of images by compressed sensing for structural health diagnosis},
   journal = {Structural Control and Health Monitoring},
   volume = {24},
   number = {1},
   pages = {e1856},
   ISSN = {1545-2255},
   year = {2017},
   type = {Journal Article}
}

@article{Yang2017_2,
   author = {Yang, Yan and Sun, Jian and Li, Huibin and Xu, Zongben},
   title = {ADMM-Net: A deep learning approach for compressive sensing MRI},
   journal = {arXiv preprint arXiv:1705.06869},
   year = {2017},
   type = {Journal Article}
}

@article{Yang2017_3,
   author = {Yang, Yong Chao and Dorn, Charles and Mancini, Tyler and Talken, Zachary and Kenyon, Garrett and Farrar, Charles and Mascareñas, David},
   title = {Blind identification of full-field vibration modes from video measurements with phase-based video motion magnification},
   journal = {Mech Syst Signal Pr},
   volume = {85},
   number = {2017},
   pages = {567-590},
   ISSN = {0888-3270},
   year = {2017},
   type = {Journal Article}
}

@article{Yao2017,
   author = {Yao, Ruigen and Pakzad, Shamim N and Venkitasubramaniam, Parvathinathan},
   title = {Compressive sensing based structural damage detection and localization using theoretical and metaheuristic statistics},
   journal = {Struct Control Hlth},
   volume = {24},
   number = {4},
   pages = {e1881},
   ISSN = {1545-2255},
   year = {2017},
   type = {Journal Article}
}

@article{Ye2013,
   author = {Ye, X W and Ni, Y Q and Wai, T T and Wong, K Y and Zhang, X M and Xu, F},
   title = {A vision-based system for dynamic displacement measurement of long-span bridges: algorithm and verification},
   journal = {Smart Struct Syst},
   volume = {12},
   number = {3-4},
   pages = {363-379},
   year = {2013},
   type = {Journal Article}
}

@article{Yeum2017,
   author = {Yeum, C M and Choi, J and Dyke, S J},
   title = {Autonomous image localization for visual inspection of civil infrastructure},
   journal = {Smart Mater Struct},
   volume = {26},
   number = {3},
   pages = {035051},
   ISSN = {0964-1726},
   year = {2017},
   type = {Journal Article}
}

@article{Yeum2019,
   author = {Yeum, Chul Min and Choi, Jongseong and Dyke, Shirley J},
   title = {Automated region-of-interest localization and classification for vision-based visual assessment of civil infrastructure},
   journal = {Structural Health Monitoring},
   volume = {18},
   number = {3},
   pages = {675-689},
   ISSN = {1475-9217},
   year = {2019},
   type = {Journal Article}
}

@article{Yu2016,
   author = {Yu, Yan and Han, Feng and Bao, Yuequan and Ou, Jinping},
   title = {A Study on Data Loss Compensation of WiFi-Based Wireless Sensor Networks for Structural Health Monitoring},
   journal = {IEEE Sensors Journal},
   volume = {16},
   number = {10},
   pages = {3811-3818},
   ISSN = {1530-437X
1558-1748
2379-9153},
   DOI = {10.1109/jsen.2015.2512846},
   year = {2016},
   type = {Journal Article}
}

@article{Yuan2006,
   author = {Yuan, Ming and Lin, Yi},
   title = {Model selection and estimation in regression with grouped variables},
   journal = {Journal of the Royal Statistical Society: Series B (Statistical Methodology)},
   volume = {68},
   number = {1},
   pages = {49-67},
   ISSN = {1467-9868},
   year = {2006},
   type = {Journal Article}
}

@article{Yuen2012,
   author = {Yuen, Ka-Veng and Mu, He-Qing},
   title = {A novel probabilistic method for robust parametric identification and outlier detection},
   journal = {Probabilistic Engineering Mechanics},
   volume = {30},
   pages = {48-59},
   ISSN = {0266-8920},
   year = {2012},
   type = {Journal Article}
}

@article{Yun2008,
   author = {Yun, H and Nayeri, R and Tasbihgoo, F and Wahbeh, M and Caffrey, J and Wolfe, R and Nigbor, R and Masri, SF and Abdel‐Ghaffar, A and Sheng, L‐H},
   title = {Monitoring the collision of a cargo ship with the Vincent Thomas Bridge},
   journal = {Structural Control and Health Monitoring: The Official Journal of the International Association for Structural Control and Monitoring and of the European Association for the Control of Structures},
   volume = {15},
   number = {2},
   pages = {183-206},
   ISSN = {1545-2255},
   year = {2008},
   type = {Journal Article}
}

@article{Zhang2017,
   author = {Zhang, Allen and Wang, Kelvin CP and Li, Baoxian and Yang, Enhui and Dai, Xianxing and Peng, Yi and Fei, Yue and Liu, Yang and Li, Joshua Q and Chen, Cheng},
   title = {Automated Pixel‐Level Pavement Crack Detection on 3D Asphalt Surfaces Using a Deep‐Learning Network},
   journal = {Comput.-Aided Civ. Inf.},
   volume = {32},
   number = {10},
   pages = {805-819},
   ISSN = {1467-8667},
   year = {2017},
   type = {Journal Article}
}

@article{Zhang2016,
   author = {Zhang, CD and Xu, YL},
   title = {Comparative studies on damage identification with Tikhonov regularization and sparse regularization},
   journal = {Struct Control Hlth},
   volume = {23},
   number = {3},
   pages = {560-579},
   ISSN = {1545-2255},
   year = {2016},
   type = {Journal Article}
}

@article{Zhang2018,
   author = {Zhang, Kaige and Cheng, HD and Zhang, Boyu},
   title = {Unified Approach to Pavement Crack and Sealed Crack Detection Using Preclassification Based on Transfer Learning},
   journal = {J. Comput. Civil. Eng.},
   volume = {32},
   number = {2},
   pages = {04018001},
   ISSN = {0887-3801},
   year = {2018},
   type = {Journal Article}
}

@inproceedings{Zhang2016_1,
   author = {Zhang, Richard and Isola, Phillip and Efros, Alexei A},
   title = {Colorful image colorization},
   booktitle = {European Conference on Computer Vision},
   publisher = {Springer},
   pages = {649-666},
   type = {Conference Proceedings}
}

@inproceedings{Zhou2013,
   author = {Zhou, Shumei and Bao, Yuequan and Li, Hui},
   title = {Structural damage identification based on substructure sensitivity and l 1 sparse regularization},
   booktitle = {Sensors and Smart Structures Technologies for Civil, Mechanical, and Aerospace Systems 2013},
   publisher = {International Society for Optics and Photonics},
   volume = {8692},
   pages = {86923N},
   type = {Conference Proceedings}
}

@article{Zhou2015,
   author = {Zhou, Xiao-Qing and Xia, Yong and Weng, Shun},
   title = {L1 regularization approach to structural damage detection using frequency data},
   journal = {Struct Health Monit},
   volume = {14},
   number = {6},
   pages = {571-582},
   ISSN = {1475-9217},
   year = {2015},
   type = {Journal Article}
}

@article{Zhou2017,
   author = {Zhou, Yun Lai and Maia, Nuno MM and Sampaio, Rui PC and Wahab, Magd Abdel},
   title = {Structural damage detection using transmissibility together with hierarchical clustering analysis and similarity measure},
   journal = {Struct. Health Monit.},
   volume = {16},
   number = {6},
   pages = {711-731},
   ISSN = {1475-9217},
   year = {2017},
   type = {Journal Article}
}

@article{Zhu2017,
   author = {Zhu, Lingchen and Liu, Entao and McClellan, James H.},
   title = {Joint seismic data denoising and interpolation with double-sparsity dictionary learning},
   journal = {Journal of Geophysics and Engineering},
   volume = {14},
   number = {4},
   pages = {802-810},
   ISSN = {1742-2132
1742-2140},
   DOI = {10.1088/1742-2140/aa6491},
   year = {2017},
   type = {Journal Article}
}

@article{Zou2015,
   author = {Zou, Zilong and Bao, Yuequan and Li, Hui and Spencer, Billie F and Ou, Jinping},
   title = {Embedding compressive sensing-based data loss recovery algorithm into wireless smart sensors for structural health monitoring},
   journal = {IEEE Sens J},
   volume = {15},
   number = {2},
   pages = {797-808},
   ISSN = {1530-437X},
   year = {2015},
   type = {Journal Article}
}

@article{Zvokelj2011,
   author = {Žvokelj, Matej and Zupan, Samo and Prebil, Ivan},
   title = {Non-linear multivariate and multiscale monitoring and signal denoising strategy using kernel principal component analysis combined with ensemble empirical mode decomposition method},
   journal = {Mech Syst Signal Pr},
   volume = {25},
   number = {7},
   pages = {2631-2653},
   ISSN = {0888-3270},
   year = {2011},
   type = {Journal Article}
}

